<?xml version = "1.0" encoding = "UTF-8"?>
<x_server_response metalib_version="4.3.1 (602)">
<present_response>
<record xmlns="http://www.loc.gov/MARC21/slim"
xmlns:xsi="http://www.w3.org/2001/XMLSchema-instance"
xsi:schemaLocation="http://www.loc.gov/MARC21/slim
http://www.loc.gov/standards/marcxml/schema/MARC21slim.xsd">
<datafield tag="035" ind1=" " ind2=" ">
<subfield code="a">MRKWN00020091002e5aa0002f</subfield>
</datafield>
<datafield tag="546" ind1=" " ind2=" ">
<subfield code="a">en</subfield>
</datafield>
<datafield tag="520" ind1=" " ind2=" ">
<subfield code="a">2009 OCT 10 - (VerticalNews.com) -- BluePhoenix Solutions (NASDAQ: BPHX), the leader in value-driven legacy modernization, announced that it has secured a new modernization project in partnership with one of the UK's leading business process ...</subfield>
</datafield>
<datafield tag="540" ind1=" " ind2=" ">
<subfield code="a">© Copyright 2009</subfield>
</datafield>
<datafield tag="513" ind1=" " ind2=" ">
<subfield code="a">Article</subfield>
</datafield>
<datafield tag="DOC" ind1="I" ind2="D">
<subfield code="a">MRKWN00020091002e5aa0002f</subfield>
</datafield>
<datafield tag="362" ind1=" " ind2=" ">
<subfield code="a">2009-10-10</subfield>
</datafield>
<datafield tag="SOU" ind1="R" ind2="C">
<subfield code="a">mrkwn</subfield>
</datafield>
<datafield tag="773" ind1=" " ind2=" ">
<subfield code="t">Marketing Weekly News</subfield>
</datafield>
<datafield tag="245" ind1=" " ind2=" ">
<subfield code="a">Bluephoenix Solutions Ltd; BluePhoenix Secures ADABAS/Natural Modernization Contract for Client of a Leading UK Business Process Outsourcing BPO and Professional Services Company in Excess of $1 Million</subfield>
</datafield>
<datafield tag="PRE" ind1="F" ind2=" ">
<subfield code="a">distdoc:archive/ArchiveDoc::Article/MRKWN00020091002e5aa0002f</subfield>
</datafield>
<datafield tag="SID" ind1=" " ind2=" ">
<subfield code="a">EXTERNAL</subfield>
<subfield code="b">FACTIVA</subfield>
<subfield code="d">CAL09832</subfield>
<subfield code="i">000000</subfield>
<subfield code="j">000001</subfield>
<subfield code="s">038497</subfield>
<subfield code="t">Factiva</subfield>
</datafield>
<controlfield tag="RAN">000</controlfield>
<datafield tag="YR " ind1=" " ind2=" ">
<subfield code="a">2009</subfield>
</datafield>
<controlfield tag="SET">038497</controlfield>
<controlfield tag="SYS">009889406</controlfield>
<openURL>
<ctx:context-objects xmlns:ctx="info:ofi/fmt:xml:xsd:ctx" xmlns:xsi="http://www.w3.org/2001/XMLSchema-instance" xsi:schemaLocation="info:ofi/fmt:xml:xsd:ctx http://www.openurl.info/registry/docs/info:ofi/fmt:xml:xsd:ctx">
<ctx:context-object timestamp="2004-01-16T12:13:00Z" version="Z39.88-2004" identifier="123">
<ctx:referent>
<ctx:metadata-by-val>
<ctx:format>info:ofi/fmt:xml:xsd</ctx:format>
<ctx:metadata>
<rft:journal xmlns:rft="info:ofi/fmt:xml:xsd" xsi:schemaLocation="info:ofi/fmt:xml:xsd          http://www.openurl.info/registry/docs/info:ofi/fmt:xml:xsd">
<rft:author rank="1">
<rft:aulast></rft:aulast>
<rft:aufirst></rft:aufirst>
<rft:auinit></rft:auinit>
</rft:author>
<rft:atitle>Bluephoenix Solutions Ltd; BluePhoenix Secures ADABAS/Natural Modernization Contract for Client of a Leading UK Business Process Outsourcing BPO and Professional Services Company in Excess of $1 Million</rft:atitle>
<rft:title>Marketing Weekly News</rft:title>
<rft:date>2009</rft:date>
<rft:volume></rft:volume>
<rft:issue></rft:issue>
<rft:spage></rft:spage>
<rft:epage></rft:epage>
<rft:issn></rft:issn>
<ctx:identifier>info:doi/</ctx:identifier>
<rft:sici></rft:sici>
<rft:opid></rft:opid>
</rft:journal>
</ctx:metadata>
</ctx:metadata-by-val>
<ctx:metadata-by-ref>
<ctx:format></ctx:format>
<ctx:location>http://metalib.calstate.edu:8331/X?OP=sfx-get-doc&amp;doc-number=009889406</ctx:location>
</ctx:metadata-by-ref>
</ctx:referent>
<ctx:referrer>
<ctx:identifier>info:sid/metalib.com:FACTIVA</ctx:identifier>
</ctx:referrer>
</ctx:context-object>
</ctx:context-objects>
</openURL>
</record>
<session_id new_session="N">5EK1QB5CJDYFFSKDB7YFHFXAMLK76YUP426I5PL59FDQ4RMT3S</session_id>
</present_response>
</x_server_response>
 